% FIT VUT
% Diplomová práce
% Autor: Jakub Sadílek
% Rok: 2021/2022

% Knihy

@BOOK{book:NodeJS-WebDevelopment,
    author =       "David Herron",
    title =        "Node.js Web Development",
    edition =      "3",
    address =      "Livery Place, 35 Livery St, Birmingham B3 2PB, UK",
    publisher =    "Packt Publishing Ltd.",
    isbn =         "9781785881503",
    year =         "2016",
    month =        jun,
    pages =        "376"
}

@BOOK{book:LearningNode,
    author =       "Shelley Powers",
    title =        "Learning Node",
    edition =      "2",
    address =      "1005 Gravenstein Highway North, Sebastopol, CA 95472, USA",
    publisher =    "O'Reilly Media, Inc.",
    isbn =         "9781491943120",
    year =         "2016",
    month =        jun,
    pages =        "288"
}

@BOOK{book:NodeJSDesignPatterns,
    author =       "Mario Casciaro",
    title =        "Node.js Design Patterns",
    edition =      "1",
    address =      "Livery Place, 35 Livery St, Birmingham B3 2PB, UK",
    publisher =    "Packt Publishing Ltd.",
    isbn =         "9781783287314",
    year =         "2014",
    month =        dec,
    pages =        "454"
}

@BOOK{book:LearningReact,
    author =       "Alex Banks and Eve Porcello",
    title =        "Learning React: Functional Web Development with React and Redux",
    edition =      "1",
    address =      "1005 Gravenstein Highway North, Sebastopol, CA 95472, USA",
    publisher =    "O'Reilly Media",
    isbn =         "9781491954621",
    year =         "2017",
    month =        may,
    pages =        "350"
}

@BOOK{book:ExpressInAction,
    author =       "Evan Hahn",
    title =        "Express in Action: Writing, building, and testing Node.js applications",
    edition =      "1",
    address =      "20 Baldwin Road, Shelter Island, NY 11964, USA",
    publisher =    "Manning Publications Co.",
    isbn =         "9781617292422",
    year =         "2016",
    pages =        "258"
}

@BOOK{book:WebDevNodeAndExpress,
    author =       "Ethan Brown",
    title =        "Web Development with Node and Express",
    edition =      "1",
    address =      "1005 Gravenstein Highway North, Sebastopol, CA 95472, USA",
    publisher =    "O'Reilly Media",
    isbn =         "9781491949306",
    year =         "2014",
    month =        jun,
    pages =        "329"
}

@BOOK{book:ProExpress,
    author =       "Azat Mardan",
    title =        "Pro Express.js",
    edition =      "1",
    address =      "233 Spring Street, New York, NY 10013, USA",
    publisher =    "Apress Media, LLC",
    isbn =         "9781484200384",
    year =         "2014",
    month =        dec,
    pages =        "352"
}

@BOOK{book:NNandDL,
    author =       "Charu Aggarwal",
    title =        "Neural Networks and Deep Learning",
    edition =      "1",
    address =      "Gewerbestrasse 11, 6330 Cham, CHE",
    publisher =    "Springer",
    isbn =         "9783319944623",
    year =         "2018",
    month =        sep,
    pages =        "512"
}

% Články

@article{article:SurveyOfObjectDetection,
  author    = {Syed Sahil Abbas Zaidi and
               Mohammad Samar Ansari and
               Asra Aslam and
               Nadia Kanwal and
               Mamoona Naveed Asghar and
               Brian A. Lee},
  title     = {A Survey of Modern Deep Learning based Object Detection Models},
  journal   = {CoRR},
  volume    = {abs/2104.11892},
  year      = {2021},
  month     = apr,
  revised   = "revidováno 12. 5. 2021",
  url       = {https://arxiv.org/abs/2104.11892}
}

@article{article:DeepResNetForImg,
  author    = {Kaiming He and
               Xiangyu Zhang and
               Shaoqing Ren and
               Jian Sun},
  title     = {Deep Residual Learning for Image Recognition},
  journal   = {CoRR},
  volume    = {abs/1512.03385},
  year      = {2015},
  month     = apr,
  revised   = "revidováno 10. 12. 2015",
  url       = {http://arxiv.org/abs/1512.03385}
}

@article{article:RethinkingEfficientNet,
  author    = {Mingxing Tan and
               Quoc V. Le},
  title     = {EfficientNet: Rethinking Model Scaling for Convolutional Neural Networks},
  journal   = {CoRR},
  volume    = {abs/1905.11946},
  year      = {2019},
  month     = may,
  revised   = "revidováno 11. 9. 2020",
  url       = {http://arxiv.org/abs/1905.11946},
}

@article{article:StageDetectors,
  author    = {Petru Soviany and
               Radu Tudor Ionescu},
  title     = {Optimizing the Trade-off between Single-Stage and Two-Stage Object
               Detectors using Image Difficulty Prediction},
  journal   = {CoRR},
  volume    = {abs/1803.08707},
  year      = {2018},
  month     = mar,
  revised   = "revidováno 31. 8. 2018",
  url       = {http://arxiv.org/abs/1803.08707},
}

@article{article:RCNN,
  author    = {Ross B. Girshick and
               Jeff Donahue and
               Trevor Darrell and
               Jitendra Malik},
  title     = {Rich feature hierarchies for accurate object detection and semantic
               segmentation},
  journal   = {CoRR},
  volume    = {abs/1311.2524},
  year      = {2013},
  month     = nov,
  revised   = "revidováno 22. 10. 2014",
  url       = {http://arxiv.org/abs/1311.2524},
}

@article{article:FastRCNN,
  author    = {Ross B. Girshick},
  title     = {Fast {R-CNN}},
  journal   = {CoRR},
  volume    = {abs/1504.08083},
  year      = {2015},
  month     = apr,
  revised   = "revidováno 27. 9. 2015",
  url       = {http://arxiv.org/abs/1504.08083},
}

@article{article:FasterRCNN,
  author    = {Shaoqing Ren and
               Kaiming He and
               Ross B. Girshick and
               Jian Sun},
  title     = {Faster {R-CNN:} Towards Real-Time Object Detection with Region Proposal
               Networks},
  journal   = {CoRR},
  volume    = {abs/1506.01497},
  year      = {2015},
  month     = jun,
  revised   = "revidováno 6. 1. 2016",
  url       = {http://arxiv.org/abs/1506.01497},
}

@article{article:YOLO,
  author    = {Joseph Redmon and
               Santosh Kumar Divvala and
               Ross B. Girshick and
               Ali Farhadi},
  title     = {You Only Look Once: Unified, Real-Time Object Detection},
  journal   = {CoRR},
  volume    = {abs/1506.02640},
  year      = {2015},
  month     = jun,
  revised   = "revidováno 6. 5. 2016",
  url       = {http://arxiv.org/abs/1506.02640},
}

@article{article:DeepFace,
  title={DeepFace: Closing the Gap to Human-Level Performance in Face Verification},
  author={Yaniv Taigman and Ming Yang and Marc'Aurelio Ranzato and Lior Wolf},
  journal={2014 IEEE Conference on Computer Vision and Pattern Recognition},
  year={2014},
  pages={1701-1708}
}
%PDF url: https://www.semanticscholar.org/paper/DeepFace%3A-Closing-the-Gap-to-Human-Level-in-Face-Taigman-Yang/9f2efadf66817f1b38f58b3f50c7c8f34c69d89a

@article{article:FaceNet,
  author    = {Florian Schroff and
               Dmitry Kalenichenko and
               James Philbin},
  title     = {FaceNet: {A} Unified Embedding for Face Recognition and Clustering},
  journal   = {CoRR},
  volume    = {abs/1503.03832},
  year      = {2015},
  month     = mar,
  revised   = "revidováno 17. 6. 2015",
  url       = {http://arxiv.org/abs/1503.03832},
}

@article{article:MTCNN,
  author    = {Kaipeng Zhang and
               Zhanpeng Zhang and
               Zhifeng Li and
               Yu Qiao},
  title     = {Joint Face Detection and Alignment using Multi-task Cascaded Convolutional
               Networks},
  journal   = {CoRR},
  volume    = {abs/1604.02878},
  year      = {2016},
  month     = apr,
  revised   = "revidováno 11. 4. 2016",
  url       = {http://arxiv.org/abs/1604.02878},
}

@article{article:RetinaFace,
  author    = {Jiankang Deng and
               Jia Guo and
               Yuxiang Zhou and
               Jinke Yu and
               Irene Kotsia and
               Stefanos Zafeiriou},
  title     = {RetinaFace: Single-stage Dense Face Localisation in the Wild},
  journal   = {CoRR},
  volume    = {abs/1905.00641},
  year      = {2019},
  month     = may,
  revised   = "revidováno 2. 5. 2019",
  url       = {http://arxiv.org/abs/1905.00641},
}

@article{article:Tracking,
  AUTHOR = {Pereira, Ricardo and Carvalho, Guilherme and Garrote, Luís and Nunes, Urbano J.},
  TITLE = {Sort and Deep-SORT Based Multi-Object Tracking for Mobile Robotics: Evaluation with New Data Association Metrics},
  JOURNAL = {Applied Sciences},
  VOLUME = {12},
  YEAR = {2022},
  month = jan,
  revised   = "revidováno 26. 1. 2022",
  NUMBER = {3},
  ARTICLE-NUMBER = {1319},
  URL = {https://www.mdpi.com/2076-3417/12/3/1319},
  ISSN = {2076-3417},
  DOI = {10.3390/app12031319}
}

@article{article:SORT,
  author    = {Alex Bewley and
               ZongYuan Ge and
               Lionel Ott and
               Fabio Ramos and
               Ben Upcroft},
  title     = {Simple Online and Realtime Tracking},
  journal   = {CoRR},
  volume    = {abs/1602.00763},
  year      = {2016},
  month     = feb,
  revised   = "revidováno 7. 7. 2017",
  url       = {http://arxiv.org/abs/1602.00763},
}

@article{article:DeepSORT,
  author    = {Nicolai Wojke and
               Alex Bewley and
               Dietrich Paulus},
  title     = {Simple Online and Realtime Tracking with a Deep Association Metric},
  journal   = {CoRR},
  volume    = {abs/1703.07402},
  year      = {2017},
  month     = mar,
  revised   = "revidováno 21. 3. 2017",
  url       = {http://arxiv.org/abs/1703.07402},
}

% Webové stránky

@WEBSITE{website:TheNodeArchitecture,
    author =       "Aditya Channe",
    title =        "The Node.js Architecture!",
    howpublished = "online",
    publisher =    "A Medium Corp.",
    year =         "2020",
    revised =      "Aktualizováno 2. 12. 2020",
    cited =        "!2021-12-12",
    url =          "https://medium.datadriveninvestor.com/the-node-js-architecture-f86e2337bcd2",
}

@WEBSITE{website:NodeJSArchitectureAndConcurrencyModel,
    author =       "Udara Bibile",
    title =        "NodeJS Architecture \& Concurrency Model",
    howpublished = "online",
    publisher =    "A Medium Corp.",
    year =         "2020",
    revised =      "Aktualizováno 15. 1. 2020",
    cited =        "!2021-12-13",
    url =          "https://chathuranga94.medium.com/nodejs-architecture-concurrency-model-f71da5f53d1d",
}

@WEBSITE{website:NodeModules,
    author =       "Swatee Chand",
    title =        "Node.js Tutorial -- A Complete Guide For Beginners",
    howpublished = "online",
    year =         "2021",
    revised =      "Aktualizováno 30. 11. 2021",
    cited =        "!2021-12-14",
    url =          "https://www.edureka.co/blog/nodejs-tutorial",
}

@WEBSITE{website:EverythingReact,
    author =       "Danyal Imran",
    title =        "Everything React -- All about React!",
    howpublished = "online",
    publisher =    "A Medium Corp.",
    year =         "2019",
    revised =      "Aktualizováno 5. 2. 2019",
    cited =        "!2021-12-28",
    url =          "https://medium.com/@danyal_imran/everything-react-all-about-react-6d7a8de4bb05",
}

@WEBSITE{website:ReactVirtualDOM,
    author =       "Mukul Latiyan",
    contributory = "Shubham Yadav, Sri Ritwik, Neeraj Badam",
    title =        "ReactJS | Virtual DOM",
    howpublished = "online",
    year =         "2021",
    revised =      "Aktualizováno 26. 7. 2021",
    cited =        "!2022-01-01",
    url =          "https://www.geeksforgeeks.org/reactjs-virtual-dom",
}

@WEBSITE{website:ReactComponents,
    author =       "Shiori Yamazaki",
    title =        "Understanding Functional Components vs. Class Components in React",
    howpublished = "online",
    year =         "2020",
    revised =      "Aktualizováno 18. 8. 2020",
    cited =        "!2022-01-03",
    url =          "https://www.twilio.com/blog/react-choose-functional-components",
}

@WEBSITE{website:ReactComponentsLifecycle,
    author =       "Jay Caetano",
    title =        "React Component Lifecycle",
    howpublished = "online",
    year =         "2019",
    revised =      "Aktualizováno 15. 11. 2019",
    cited =        "!2022-01-04",
    url =          "https://dev.to/jaylcaetano/react-component-lifecycle-2npl",
}

@WEBSITE{website:ComponentsLifecycleInReact,
    author =       "Priyanka Jain",
    title =        "Components Lifecycle In React",
    howpublished = "online",
    year =         "2019",
    revised =      "Aktualizováno 29. 7. 2019",
    cited =        "!2022-01-04",
    url =          "https://www.c-sharpcorner.com/article/components-lifecycle-in-react",
}

@WEBSITE{website:IntroToNN,
    author =       "Purnasai Gudikandula",
    title =        "A Beginner Intro to Neural Networks",
    howpublished = "online",
    publisher =    "A Medium Corp.",
    year =         "2019",
    revised =      "Aktualizováno 24. 3. 2019",
    cited =        "!2022-01-07",
    url =          "https://purnasaigudikandula.medium.com/a-beginner-intro-to-neural-networks-543267bda3c8",
}

@WEBSITE{website:OverviewOfActivationFunctions,
    author =       "Christian Versloot",
    title =        "Overview of activation functions for neural networks",
    howpublished = "online",
    year =         "2020",
    revised =      "Aktualizováno 24. 1. 2020",
    cited =        "!2022-01-07",
    url =          "https://www.machinecurve.com/index.php/2020/01/24/overview-of-activation-functions-for-neural-networks",
}

@WEBSITE{website:NNForBeginnersByBeginner,
    author =       "Emil Krumov",
    title =        "Neural Networks: For beginners. By beginners.",
    howpublished = "online",
    publisher =    "Towards Data Science Inc.",
    year =         "2019",
    revised =      "Aktualizováno 9. 10. 2019",
    cited =        "!2022-01-08",
    url =          "https://towardsdatascience.com/neural-networks-for-beginners-by-beginners-6bfc002e13a2",
}

@WEBSITE{website:CNNOverviewAndApplication,
    author =       "Rikiya Yamashita",
    contributory = "Mizuho Nishio, Richard Kinh Gian Do, Kaori Togashi",
    title =        "Convolutional neural networks: an overview and application in radiology",
    howpublished = "online",
    year =         "2018",
    revised =      "Aktualizováno 22. 6. 2018",
    cited =        "!2022-01-08",
    url =          "https://insightsimaging.springeropen.com/articles/10.1007/s13244-018-0639-9",
}

% Odtud je použitý jenom obrázek
@WEBSITE{website:ComprehensiveGuideToCNN,
    author =       "Sumit Saha",
    title =        "A Comprehensive Guide to Convolutional Neural Networks -- the ELI5 way",
    howpublished = "online",
    year =         "2018",
    revised =      "Aktualizováno 15. 12. 2018",
    cited =        "!2022-01-09",
    url =          "https://towardsdatascience.com/a-comprehensive-guide-to-convolutional-neural-networks-the-eli5-way-3bd2b1164a53",
}

@WEBSITE{website:ResNetIntro,
    author =       "Connor Shorten",
    title =        "Introduction to ResNets",
    howpublished = "online",
    year =         "2019",
    revised =      "Aktualizováno 24. 1. 2019",
    cited =        "!2022-01-10",
    url =          "https://towardsdatascience.com/introduction-to-resnets-c0a830a288a4",
}

@WEBSITE{website:IntroToResNet,
    author =       {\relax Great Learning Team},
    title =        "Introduction to Resnet or Residual Network",
    howpublished = "online",
    year =         "2020",
    revised =      "Aktualizováno 28. 9. 2020",
    cited =        "!2022-01-10",
    url =          "https://www.mygreatlearning.com/blog/resnet",
}

@WEBSITE{website:QuickOverviewResNet,
    author =       "Khuyen Le",
    title =        "A quick overview of ResNet models",
    howpublished = "online",
    publisher =    "A Medium Corp.",
    year =         "2021",
    revised =      "Aktualizováno 31. 3. 2021",
    cited =        "!2022-01-10",
    url =          "https://lekhuyen.medium.com/a-quick-overview-of-resnet-models-f8ed277ae81e",
}

@WEBSITE{website:RethinkingEfficientNet,
    author =       "Aakash Nain",
    title =        "EfficientNet: Rethinking Model Scaling for Convolutional Neural Networks",
    howpublished = "online",
    publisher =    "A Medium Corp.",
    year =         "2019",
    revised =      "Aktualizováno 7. 6. 2019",
    cited =        "!2022-01-11",
    url =          "https://medium.com/@nainaakash012/efficientnet-rethinking-model-scaling-for-convolutional-neural-networks-92941c5bfb95",
}

@WEBSITE{website:RCNNmodels,
    author =       "Rohith Gandhi",
    title =        "R-CNN, Fast R-CNN, Faster R-CNN, YOLO — Object Detection Algorithms",
    howpublished = "online",
    year =         "2018",
    revised =      "Aktualizováno 9. 7. 2018",
    cited =        "!2022-01-16",
    url =          "https://towardsdatascience.com/r-cnn-fast-r-cnn-faster-r-cnn-yolo-object-detection-algorithms-36d53571365e",
}

@WEBSITE{website:FasterRCNN,
    author =       "Shilpa Ananth",
    title =        "Faster R-CNN for object detection",
    howpublished = "online",
    year =         "2019",
    revised =      "Aktualizováno 9. 8. 2019",
    cited =        "!2022-01-17",
    url =          "https://towardsdatascience.com/faster-r-cnn-for-object-detection-a-technical-summary-474c5b857b46",
}

@WEBSITE{website:IntroToYOLO,
    author =       "Grace Karimi",
    title =        "Introduction to YOLO Algorithm for Object Detection",
    howpublished = "online",
    year =         "2021",
    revised =      "Aktualizováno 15. 4. 2021",
    cited =        "!2022-02-09",
    url =          "https://www.section.io/engineering-education/introduction-to-yolo-algorithm-for-object-detection",
}

@WEBSITE{website:FaceDetectionViolaJones,
    author =       {\relax Great Learning Team},
    title =        "Face Detection using Viola Jones Algorithm",
    howpublished = "online",
    year =         "2020",
    revised =      "Aktualizováno 2. 9. 2020",
    cited =        "!2022-02-11",
    url =          "https://www.mygreatlearning.com/blog/viola-jones-algorithm",
}

@WEBSITE{website:FacialRecognitionViolaJones,
    author =       "Rohan Gupta",
    title =        "Breaking Down Facial Recognition: The Viola-Jones Algorithm",
    howpublished = "online",
    year =         "2019",
    revised =      "Aktualizováno 7. 8. 2019",
    cited =        "!2022-02-11",
    url =          "https://towardsdatascience.com/the-intuition-behind-facial-detection-the-viola-jones-algorithm-29d9106b6999",
}

@WEBSITE{website:IntroToHOG,
    author =       "Aishwarya Singh",
    title =        "Feature Engineering for Images: A Valuable Introduction to the HOG Feature Descriptor",
    howpublished = "online",
    year =         "2019",
    revised =      "Aktualizováno 4. 9. 2019",
    cited =        "!2022-02-12",
    url =          "https://www.analyticsvidhya.com/blog/2019/09/feature-engineering-images-introduction-hog-feature-descriptor",
}

@WEBSITE{website:DeepFace,
    author =       "Pawan Saxena",
    contributory = "Aman Sood",
    title =        "Deep Face Recognition",
    howpublished = "online",
    year =         "2021",
    revised =      "Aktualizováno 11. 6. 2021",
    cited =        "!2022-02-14",
    url =          "https://www.geeksforgeeks.org/deep-face-recognition",
}

@WEBSITE{website:FaceNet,
    author =       "Pawan Saxena",
    title =        "FaceNet – Using Facial Recognition System",
    howpublished = "online",
    year =         "2021",
    revised =      "Aktualizováno 14. 12. 2021",
    cited =        "!2022-02-14",
    url =          "https://www.geeksforgeeks.org/facenet-using-facial-recognition-system",
}

@WEBSITE{website:FaceNetIntro,
    author =       "Dhairya Kumar",
    title =        "Introduction to FaceNet: A Unified Embedding for Face Recognition and Clustering",
    howpublished = "online",
    year =         "2019",
    revised =      "Aktualizováno 26. 7. 2019",
    cited =        "!2022-02-14",
    url =          "https://medium.com/analytics-vidhya/introduction-to-facenet-a-unified-embedding-for-face-recognition-and-clustering-dbdac8e6f02",
}

@WEBSITE{website:REST,
    author =       "Megan Lo",
    title =        "RESTful API 101",
    howpublished = "online",
    year =         "2021",
    revised =      "Aktualizováno 5. 7. 2021",
    cited =        "!2022-04-13",
    url =          "https://medium.com/geekculture/restful-api-101-b61671e5a3ea",
}

@WEBSITE{website:MTCNN,
    author =       "Rosa Gradilla",
    title =        "Multi-task Cascaded Convolutional Networks (MTCNN) for Face Detection and Facial Landmark Alignment",
    howpublished = "online",
    year =         "2020",
    revised =      "Aktualizováno 28. 7. 2020",
    cited =        "!2022-05-11",
    url =          "https://medium.com/@iselagradilla94/multi-task-cascaded-convolutional-networks-mtcnn-for-face-detection-and-facial-landmark-alignment-7c21e8007923",
}

@WEBSITE{website:RetinaFace,
    author =       "Mohd Nayeem",
    title =        "Exploring Other Face Detection Approaches(Part 1) — RetinaFace",
    howpublished = "online",
    year =         "2020",
    revised =      "Aktualizováno 19. 7. 2020",
    cited =        "!2022-05-12",
    url =          "https://medium.com/analytics-vidhya/exploring-other-face-detection-approaches-part-1-retinaface-9b00f453fd15",
}

@WEBSITE{website:Tracking,
    author =       "Ritesh Kanjee",
    title =        "DeepSORT — Deep Learning applied to Object Tracking",
    howpublished = "online",
    year =         "2020",
    revised =      "Aktualizováno 31. 8. 2020",
    cited =        "!2022-05-12",
    url =          "https://medium.com/augmented-startups/deepsort-deep-learning-applied-to-object-tracking-924f59f99104",
}

% Manual

@MANUAL{manual:SocketIO,
    author =       "Socket.IO",
    title =        "How it works",
    howpublished = "online",
    year =         "2022",
    revised =      "Aktualizováno 26. 3. 2022",
    cited =        "!2022-04-12",
    url =          "https://socket.io/docs/v4/how-it-works",
}

% Práce

@Bachelorsthesis{thesis:WebApp,
    author = "Jakub Sad\'{i}lek",
    type = "Bakal\'{a}\v{r}sk\'{a} pr\'{a}ce",
    title = "Webov\'{a} aplikace pro intuitivn\'{i} sestaven\'{i} filtr\r{u} textu",
    school = "Vysok\'{e} u\v{c}en\'{i} technick\'{e} v Brn\v{e}, Fakulta informa\v{c}n\'{i}ch technologi\'{i}",
    year = 2020,
    location = "Brno, CZ",
    language = "czech",
    url = "https://www.fit.vut.cz/study/thesis/23014"
}

% Ostatní

@misc{article:HOG4Detection,
  title = {Histograms of Oriented Gradients for Human Detection},
  author = {Navneet Dalal and Bill Triggs},
  url = {https://hal.inria.fr/inria-00548512},
  booktitle = {International Conference on Computer Vision \& Pattern Recognition (CVPR '05)},
  address = {San Diego, United States},
  editor = {Cordelia Schmid and Stefano Soatto and Carlo Tomasi},
  publisher = {IEEE Computer Society},
  VOLUME = {1},
  PAGES = {886--893},
  YEAR = {2005},
  MONTH = Jun,
  PDF = {https://hal.inria.fr/inria-00548512/file/hog_cvpr2005.pdf},
}


